<?xml version="1.0" encoding="UTF-8"?><collection xmlns="http://www.loc.gov/MARC21/slim"><record><leader>00427nam--2200157-i-4500</leader><controlfield tag="001">000021385</controlfield><controlfield tag="002">20161230</controlfield><controlfield tag="005">20170127174148</controlfield><controlfield tag="008">060222s1000------------r-----000-0-eng-d</controlfield><datafield ind1=" " ind2=" " tag="080"><subfield code="a">545.33</subfield></datafield><datafield ind1=" " ind2=" " tag="100"><subfield code="a">Heyrovsky, J</subfield></datafield><datafield ind1=" " ind2=" " tag="245"><subfield code="a">Practica polarografica. (tradus pentru uzul intreprinderilor)</subfield></datafield><datafield ind1=" " ind2=" " tag="260"><subfield code="a">Bucuresti</subfield><subfield code="b">Institutul De Documentare Tehnica</subfield><subfield code="c">1958</subfield></datafield><datafield ind1=" " ind2=" " tag="300"><subfield code="a">100 p</subfield></datafield><datafield ind1=" " ind2=" " tag="852"><subfield code="a">2016</subfield></datafield><datafield ind1=" " ind2=" " tag="CAT"><subfield code="a">SYS</subfield><subfield code="c">20170127</subfield><subfield code="h">174148</subfield></datafield></record></collection>